@article{Weedbrook_2012,
	doi = {10.1103/revmodphys.84.621},
	url = {https://doi.org/10.1103%2Frevmodphys.84.621},
	year = 2012,
	month = {may},
	publisher = {American Physical Society ({APS})},
	volume = {84},
	number = {2},
	pages = {621--669},
	author = {Christian Weedbrook and Stefano Pirandola and Ra{\'{u}}l Garc{\'{\i}}a-Patr{\'{o}}n and Nicolas J. Cerf and Timothy C. Ralph and Jeffrey H. Shapiro and Seth Lloyd},
	title = {Gaussian quantum information},
	journal = {Reviews of Modern Physics}
}

@article{Jefferson_2017,
	doi = {10.1007/jhep10(2017)107},
	url = {https://doi.org/10.1007%2Fjhep10%282017%29107},
	year = 2017,
	month = {oct},
	publisher = {Springer Science and Business Media {LLC}},
	volume = {2017},
	number = {10},
	author = {Robert A. Jefferson and Robert C. Myers},
	title = {Circuit complexity in quantum field theory},
	journal = {Journal of High Energy Physics}
}

@article{Hackl_2018,
	doi = {10.1007/jhep07(2018)139},
	url = {https://doi.org/10.1007%2Fjhep07%282018%29139},
	year = 2018,
	month = {jul},
	publisher = {Springer Science and Business Media {LLC}},
	volume = {2018},
	number = {7},
	author = {Lucas Hackl and Robert C. Myers},
	title = {Circuit complexity for free fermions},
	journal = {Journal of High Energy Physics}
}

@article{Camilo_2019,
	doi = {10.1103/physrevb.99.045155},
	url = {https://doi.org/10.1103%2Fphysrevb.99.045155},
	year = 2019,
	month = {jan},
	publisher = {American Physical Society ({APS})},
	volume = {99},
	number = {4},
	author = {Giancarlo Camilo and Gabriel T. Landi and Sebas EliÃ«ns},
	title = {Strong subadditivity of the R{\'{e}}nyi entropies for bosonic and fermionic Gaussian states},
	journal = {Physical Review B}
}

@book{Susskind_2020,
	doi = {10.1007/978-3-030-45109-7},
	url = {https://doi.org/10.1007%2F978-3-030-45109-7},
	year = 2020,
	publisher = {Springer International Publishing},
	author = {Leonard Susskind},
	title = {Three Lectures on Complexity and Black Holes}
}

@book{Natsuume_2015,
	doi = {10.1007/978-4-431-55441-7},
	url = {https://doi.org/10.1007%2F978-4-431-55441-7},
	year = 2015,
	publisher = {Springer Japan},
	author = {Makoto Natsuume},
	title = {{AdS}/{CFT} Duality User Guide}
}

@article{Ali_2019,
	doi = {10.1007/jhep04(2019)087},
	url = {https://doi.org/10.1007%2Fjhep04%282019%29087},
	year = 2019,
	month = {apr},
	publisher = {Springer Science and Business Media {LLC}},
	volume = {2019},
	number = {4},
	author = {Tibra Ali and Arpan Bhattacharyya and S. Shajidul Haque and Eugene H. Kim and Nathan Moynihan},
	title = {Time evolution of complexity: a critique of three methods},
	journal = {Journal of High Energy Physics}
}

@article{Bianchi_2018,
	doi = {10.1007/jhep03(2018)025},
	url = {https://doi.org/10.1007%2Fjhep03%282018%29025},
	year = 2018,
	month = {mar},
	publisher = {Springer Science and Business Media {LLC}},
	volume = {2018},
	number = {3},
	author = {Eugenio Bianchi and Lucas Hackl and Nelson Yokomizo},
	title = {Linear growth of the entanglement entropy and the Kolmogorov-Sinai rate},
	journal = {Journal of High Energy Physics}
}


@article{Hackl_2020,
	doi = {10.21468/scipostphys.9.4.048},
	url = {https://doi.org/10.21468%2Fscipostphys.9.4.048},
	year = 2020,
	month = {oct},
	publisher = {Stichting {SciPost}},
	volume = {9},
	number = {4},
	author = {Lucas Hackl and Tommaso Guaita and Tao Shi and Jutho Haegeman and Eugene Demler and Ignacio Cirac},
	title = {Geometry of variational methods: dynamics of closed quantum systems},
	journal = {{SciPost} Physics}
}

@book{Peskin_2018,
	doi = {10.1201/9780429503559},
	url = {https://doi.org/10.1201%2F9780429503559},
	year = 2018,
	month = {may},
	publisher = {{CRC} Press},
	author = {Michael E. Peskin},
	title = {An Introduction To Quantum Field Theory}
}

@article{Camargo_2019,
	doi = {10.1103/physrevlett.122.081601},
	url = {https://doi.org/10.1103%2Fphysrevlett.122.081601},
	year = 2019,
	month = {feb},
	publisher = {American Physical Society ({APS})},
	volume = {122},
	number = {8},
	author = {Hugo A. Camargo and Pawel Caputa and Diptarka Das and Michal P. Heller and Ro Jefferson},
	title = {Complexity as a Novel Probe of Quantum Quenches: Universal Scalings and Purifications},
	journal = {Physical Review Letters}
}

@article{Braunstein:2005zz,
    author = "Braunstein, Samuel L. and van Loock, Peter",
    title = "{Quantum information with continuous variables}",
    eprint = "quant-ph/0410100",
    archivePrefix = "arXiv",
    doi = "10.1103/RevModPhys.77.513",
    journal = "Rev. Mod. Phys.",
    volume = "77",
    pages = "513--577",
    year = "2005"
}

@book{Shankar_1995,
	doi = {10.1007/978-1-4615-7673-0},
	url = {https://doi.org/10.1007%2F978-1-4615-7673-0},
	year = 1995,
	publisher = {Springer {US}},
	author = {Ramamurti Shankar},
	title = {Principles of Quantum Mechanics}
}

@book{Nolting_2017_6,
	doi = {10.1007/978-3-319-54386-4},
	url = {https://doi.org/10.1007%2F978-3-319-54386-4},
	year = 2017,
	publisher = {Springer International Publishing},
	author = {Wolfgang Nolting},
	title = {Theoretical Physics 6}
}

@book{Nolting_2017_7,
	doi = {10.1007/978-3-319-63324-4},
	url = {https://doi.org/10.1007%2F978-3-319-63324-4},
	year = 2017,
	publisher = {Springer International Publishing},
	author = {Wolfgang Nolting},
	title = {Theoretical Physics 7}
}

@book{Tung_1985,
	doi = {10.1142/0097},
	url = {https://doi.org/10.1142%2F0097},
	year = 1985,
	month = {aug},
	publisher = {{WORLD} {SCIENTIFIC}},
	author = {Wu-Ki Tung},
	title = {Group Theory in Physics}
}

@article{Nielsen_2006,
	doi = {10.1126/science.1121541},
	url = {https://doi.org/10.1126%2Fscience.1121541},
	year = 2006,
	month = {feb},
	publisher = {American Association for the Advancement of Science ({AAAS})},
	volume = {311},
	number = {5764},
	pages = {1133--1135},
	author = {M. A. Nielsen},
	title = {Quantum Computation as Geometry},
	journal = {Science}
}

@incollection{2019,
	doi = {10.2307/j.ctvr43hvc.8},
	url = {https://doi.org/10.2307%2Fj.ctvr43hvc.8},
	year = 2019,
	month = {apr},
	publisher = {Ediciones {USTA}},
	pages = {79--84},
	title = {Metodolog{\'{\i}}a de la investigaci{\'{o}}n},
	booktitle = {Ratio Formationis prenoviciado}
}